@article{young1954iterative,
  title={Iterative methods for solving partial difference equations of elliptic type},
  author={Young, David},
  journal={Transactions of the American Mathematical Society},
  volume={76},
  number={1},
  pages={92--111},
  year={1954},
  url={https://www.ams.org/journals/tran/1954-076-01/S0002-9947-1954-0059635-7/S0002-9947-1954-0059635-7.pdf}
}

@article{wilson1959solution,
  title={Solution of certain large sets of equations on Pegasus using matrix methods},
  author={Wilson, LB},
  journal={The Computer Journal},
  volume={2},
  number={3},
  pages={130--133},
  year={1959},
  publisher={Oxford University Press},
  url={https://academic.oup.com/comjnl/article-pdf/2/3/130/1157245/020130.pdf}
}

@article{wilf1960almost,
  title={Almost diagonal matrices},
  author={Wilf, Herbert S},
  journal={The American Mathematical Monthly},
  volume={67},
  number={5},
  pages={431--434},
  year={1960},
  publisher={Taylor \& Francis},
  url={https://www.tandfonline.com/doi/abs/10.1080/00029890.1960.11989524?journalCode=uamm20}
}
@article{harary1962graph,
  title={A graph theoretic approach to matrix inversion by partitioning},
  author={Harary, Frank},
  journal={Numerische Mathematik},
  volume={4},
  pages={128--135},
  year={1962},
  publisher={Springer},
  url={https://link.springer.com/content/pdf/10.1007/BF01386304.pdf}
}
@article{dulmage1962inversion,
  title={On the inversion of sparse matrices},
  author={Dulmage, Andrew Lloyd and Mendelsohn, Nathan Saul},
  journal={Mathematics of Computation},
  volume={16},
  number={80},
  pages={494--496},
  year={1962}
}
@inproceedings{conway1963multiprocessor,
  title={A multiprocessor system design},
  author={Conway, Melvin E},
  booktitle={Proceedings of the November 12-14, 1963, fall joint computer conference},
  pages={139--146},
  year={1963}
}

@article{alway1965algorithm,
  title={An algorithm for reducing the bandwidth of a matrix of symmetrical configuration},
  author={Alway, GG and Martin, DW},
  journal={The Computer Journal},
  volume={8},
  number={3},
  pages={264--272},
  year={1965},
  publisher={Oxford University Press},
  url={https://academic.oup.com/comjnl/article-pdf/8/3/264/961856/080264.pdf}
}
@manual{ansi1966fortran,
  title       = {USA Standard FORTRAN},
  year        = {1966},
  organization = {United States of America Standards Institute},
  number = {X3.9-1966}
}

@article{jennings1966compact,
  title={A compact storage scheme for the solution of symmetric linear simultaneous equations},
  author={Jennings, Alan},
  journal={The Computer Journal},
  volume={9},
  number={3},
  pages={281--285},
  year={1966},
  publisher={The British Computer Society},
  url={https://academic.oup.com/comjnl/article-pdf/9/3/281/1133846/9-3-281.pdf}
}

@techreport{calahan1971description,
  title={Description of a sparse matrix compiler with applications},
  author={Calahan, DA and Grapes, TE and Donahey, J and Orlandea, N},
  year={1971},
  institution={MICHIGAN UNIV ANN ARBOR DEPT OF ELECTRICAL ENGINEERING}
}

@article{willoughby1971sparse,
  title={Sparse matrix algorithms and their relation to problem classes and computer architecture},
  author={Willoughby, Ralph A},
  journal={Large sparse sets of linear equations},
  pages={255--277},
  year={1971},
  publisher={Academic Press London, New York}
}
@article{larcombe1971list,
  title={A list processing approach to the solution of large sparse sets of matrix equations and the factorization of the overall matrix},
  author={Larcombe, MHE},
  journal={Large Sparse Sets of Linear Equations},
  pages={25--40},
  year={1971},
  publisher={Academic Press London-New York}
}
@article{jennings1971direct,
  title={A direct method for the solution of large sparse symmetric simultaneous equations},
  author={Jennings, A and Tuff, AD},
  journal={Large sparse sets of linear equations},
  pages={97--104},
  year={1971},
  publisher={Academic Press London}
}
@article{buchet1971take,
  title={How to take into account the low density of matrices to design a mathematical programming package},
  author={de Buchet, Jacques},
  journal={Large sparse sets of linear equations},
  year={1971},
  publisher={Academic Press London}
}

@inproceedings{gustavson1972some,
  title={Some basic techniques for solving sparse systems of linear equations},
  author={Gustavson, Fred G},
  booktitle={Sparse Matrices and their Applications: Proceedings of a Symposium on Sparse Matrices and Their Applications, held September 9--10, 1971, at the IBM Thomas J. Watson Research Center, Yorktown Heights, New York, and sponsored by the Office of Naval Research, the National Science Foundation, IBM World Trade Corporation, and the IBM Research Mathematical Sciences Department.},
  pages={41--52},
  year={1972},
  organization={Springer}
}
@inproceedings{hoernes1972generalized,
  title={Generalized view of a Data Base},
  author={Hoernes, Gerhard E},
  booktitle={Sparse Matrices and their Applications: Proceedings of a Symposium on Sparse Matrices and Their Applications, held September 9--10, 1971, at the IBM Thomas J. Watson Research Center, Yorktown Heights, New York, and sponsored by the Office of Naval Research, the National Science Foundation, IBM World Trade Corporation, and the IBM Research Mathematical Sciences Department.},
  pages={147--154},
  year={1972},
  organization={Springer}
}
@inproceedings{rheinboldt1972graal,
  title={Graal—a Graph Algorithmic Language},
  author={Rheinboldt, Werner C and Basili, Victor R and Mesztenyi, Charles K},
  booktitle={Sparse Matrices and their Applications: Proceedings of a Symposium on Sparse Matrices and Their Applications, held September 9--10, 1971, at the IBM Thomas J. Watson Research Center, Yorktown Heights, New York, and sponsored by the Office of Naval Research, the National Science Foundation, IBM World Trade Corporation, and the IBM Research Mathematical Sciences Department.},
  pages={167--176},
  year={1972},
  organization={Springer}
}


@inproceedings{reddaway1973dap,
  title={DAP—a distributed array processor},
  author={Reddaway, St F},
  booktitle={Proceedings of the 1st annual symposium on Computer architecture},
  pages={61--65},
  year={1973},
  url={https://dl.acm.org/doi/pdf/10.1145/800123.803971}
}


@techreport{mchugh1974simpl,
  title={SIMPL-R and its application to large, sparse matrix problems},
  author={McHugh, John and Basili, Victor},
  year={1974}
}


@article{duff1977survey,
  title={A survey of sparse matrix research},
  author={Duff, Iain S},
  journal={Proceedings of the IEEE},
  volume={65},
  number={4},
  pages={500--535},
  year={1977},
  publisher={IEEE},
  url={https://ieeexplore-ieee-org.ezproxy1.library.arizona.edu/stamp/stamp.jsp?tp=&arnumber=1454783}
}

@techreport{eisenstat1977yale,
  title={Yale sparse matrix package. i. the symmetric codes},
  author={Eisenstat, Stanley C and Gursky, MC and Schultz, Martin H and Sherman, Andrew H},
  year={1977},
  institution={YALE UNIV NEW HAVEN CT DEPT OF COMPUTER SCIENCE}
}
@techreport{eisenstat1977yale2,
  title={Yale sparse matrix package. II. The nonsymmetric codes},
  author={Eisenstat, SC and Gursky, MC and Schultz, MH and Sherman, AH},
  year={1977},
  institution={YALE UNIV NEW HAVEN CT DEPT OF COMPUTER SCIENCE}
}


@article{russell1978cray,
  title={The CRAY-1 computer system},
  author={Russell, Richard M},
  journal={Communications of the ACM},
  volume={21},
  number={1},
  pages={63--72},
  year={1978},
  publisher={ACM New York, NY, USA}
}

@incollection{mccarthy1978history,
  title={History of LISP},
  author={McCarthy, John},
  booktitle={History of programming languages},
  pages={173--185},
  year={1978},
  publisher={Elsevier}
}

@article{chu1980user,
  title={User guide for Sparspak},
  author={Chu, Eleanor and George, Alan and Liu, Joseph and Ng, Esmond},
  journal={University of Waterloo},
  year={1980}
}

@article{marsten1981design,
  title={The design of the XMP linear programming library},
  author={Marsten, Roy E},
  journal={ACM Transactions on Mathematical Software (TOMS)},
  volume={7},
  number={4},
  pages={481--497},
  year={1981},
  publisher={ACM New York, NY, USA}
}

@article{daniel1982new,
  title={New computer architectures and their relationship to physics or why computer science is no good},
  author={Daniel Hillis, W},
  journal={International Journal of Theoretical Physics},
  volume={21},
  number={3-4},
  pages={255--262},
  year={1982},
  publisher={Springer},
  url={https://link.springer.com/article/10.1007/BF01857728}
}

@article{kincaid1982algorithm,
  title={Algorithm 586: ITPACK 2C: A FORTRAN package for solving large sparse linear systems by adaptive accelerated iterative methods},
  author={Kincaid, David R and Respess, John R and Young, David M and Grimes, Rober R},
  journal={ACM Transactions on Mathematical Software (TOMS)},
  volume={8},
  number={3},
  pages={302--322},
  year={1982},
  publisher={ACM New York, NY, USA}
}
@article{duff1982experience,
  title={Experience of sparse matrix codes on the CRAY-1},
  author={Duff, Iain S and Reid, John Ker},
  journal={Computer Physics Communications},
  volume={26},
  number={3-4},
  pages={293--302},
  year={1982},
  publisher={Elsevier}
}


@article{george1984new,
  title={A new release of SPARSPAK: The waterloo sparse matrix package},
  author={George, Alan and Ng, Esmond},
  journal={ACM SIGNUM Newsletter},
  volume={19},
  number={4},
  pages={9--13},
  year={1984},
  publisher={ACM New York, NY, USA}
}

@incollection{eisenstat1984new,
  title={The (new) Yale sparse matrix package},
  author={Eisenstat, Stanley C and Elman, Howard C and Schultz, Martin H and Sherman, Andrew H},
  booktitle={Elliptic Problem Solvers},
  pages={45--52},
  year={1984},
  publisher={Elsevier}
}

@article{cleveland1987progress,
  title={Progress in sparse matrix methods for large linear systems on vector supercomputers},
  author={Cleveland Ashcraft, C and Grimes, Roger G and Lewis, John G and Peyton, Barry W and Simon, Horst D and Bj{\o}rstad, Petter E},
  journal={The International Journal of Supercomputing Applications},
  volume={1},
  number={4},
  pages={10--30},
  year={1987},
  publisher={Sage Publications Sage CA: Thousand Oaks, CA}
}

@article{duff1989sparse,
  title={Sparse matrix test problems},
  author={Duff, Iain S and Grimes, Roger G and Lewis, John G},
  journal={ACM Transactions on Mathematical Software (TOMS)},
  volume={15},
  number={1},
  pages={1--14},
  year={1989},
  publisher={ACM New York, NY, USA}
}

@article{saad1989krylov,
  title={Krylov subspace methods on supercomputers},
  author={Saad, Youcef},
  journal={SIAM Journal on Scientific and Statistical Computing},
  volume={10},
  number={6},
  pages={1200--1232},
  year={1989},
  publisher={SIAM},
  url={https://epubs.siam.org/doi/pdf/10.1137/0910073?casa_token=Z67J0tPNqPQAAAAA:tK25XW1X2gawR6ilMxKGTPKvwVqVH5GiwbKjj12Kxxn4RFQ7gjYt04co5qbMSIrBY7yW1xu3uVE}
}

@techreport{saad1990sparskit,
  title={SPARSKIT: A basic tool kit for sparse matrix computations},
  author={Saad, Youcef},
  year={1990},
  institution={Research Institute for Advanced Computer Science},
  url={https://ntrs.nasa.gov/api/citations/19910023551/downloads/19910023551.pdf}
}

@article{pothen1990computing,
author = {Pothen, Alex and Fan, Chin-Ju},
title = {Computing the Block Triangular Form of a Sparse Matrix},
year = {1990},
issue_date = {Dec. 1990},
publisher = {Association for Computing Machinery},
address = {New York, NY, USA},
volume = {16},
number = {4},
issn = {0098-3500},
url = {https://doi.org/10.1145/98267.98287},
doi = {10.1145/98267.98287},
abstract = {We consider the problem of permuting the rows and columns of a rectangular or square, unsymmetric sparse matrix to compute its block triangular form. This block triangular form is based on a canonical decomposition of bipartite graphs induced by a maximum matching and was discovered by Dulmage and Mendelsohn. We describe implementations of algorithms to compute the block triangular form and provide computational results on sparse matrices from test collections. Several applications of the block triangular form are also included.},
journal = {ACM Trans. Math. Softw.},
month = {dec},
pages = {303–324},
numpages = {22},
url={https://dl.acm.org/doi/pdf/10.1145/98267.98287}
}

@inproceedings{wolf1991data,
  title={A data locality optimizing algorithm},
  author={Wolf, Michael E and Lam, Monica S},
  booktitle={Proceedings of the ACM SIGPLAN 1991 conference on Programming language design and implementation},
  pages={30--44},
  year={1991}
}

@article{gilbert1992sparse,
  title={Sparse matrices in MATLAB: Design and implementation},
  author={Gilbert, John R and Moler, Cleve and Schreiber, Robert},
  journal={SIAM journal on matrix analysis and applications},
  volume={13},
  number={1},
  pages={333--356},
  year={1992},
  publisher={SIAM}
}

@article{ogielski1993sparse,
  title={Sparse matrix computations on parallel processor arrays},
  author={Ogielski, Andrew T and Aiello, William},
  journal={SIAM Journal on Scientific Computing},
  volume={14},
  number={3},
  pages={519--530},
  year={1993},
  publisher={SIAM}
}


@inproceedings{bik1993compilation,
  title={Compilation techniques for sparse matrix computations},
  author={Bik, Aart JC and Wijshoff, Harry AG},
  booktitle={Proceedings of the 7th international conference on Supercomputing},
  pages={416--424},
  year={1993}
}

@inproceedings{bik1993automatic,
  title={On automatic data structure selection and code generation for sparse computations},
  author={Bik, Aart JC and Wijshoff, Harry AG},
  booktitle={International Workshop on Languages and Compilers for Parallel Computing},
  pages={57--75},
  year={1993},
  organization={Springer},
  url={https://liacs.leidenuniv.nl/assets/PDF/TechRep/tr93-04.pdf}
}

@inproceedings{dongarraxz1994sparse,
  title={A sparse matrix library in C++ for high performance architectures},
  author={Dongarraxz, Jack and Lumsdaine, Andrew and Niu, Xinhiu and Pozoz, Roldan and Remingtonx, Karin},
  booktitle={Proc. 2nd Object Oriented Numerics Conf.},
  pages={214--218},
  year={1994}
}

@article{bouaricha1994tensor,
  title={Tensor methods for large, sparse systems of nonlinear equations},
  author={Bouaricha, Ali and Schnabel, Robert B},
  journal={Preprint MCS-P473-1094, Mathematics and Computer Science Division, Argonne National Laboratory},
  year={1994},
  publisher={Citeseer}
}

@article{bixby1994automatic,
  title={Automatic data layout using 0-1 integer programming},
  author={Bixby, Robert E and Kennedy, Ken and Kremer, Ulrich},
  journal={IFIP Transactions},
  volume={50},
  pages={111--122},
  year={1994},
  publisher={Citeseer}
}

@article{cierniak1995unifying,
  title={Unifying data and control transformations for distributed shared-memory machines},
  author={Cierniak, Micha{\l} and Li, Wei},
  journal={ACM SIGPLAN Notices},
  volume={30},
  number={6},
  pages={205--217},
  year={1995},
  publisher={ACM New York, NY, USA}
}

@inproceedings{kennedy1995automatic,
  title={Automatic data layout for {High} {Performance} {Fortran}},
  author={Kennedy, Ken and Kremer, Ulrich},
  booktitle={Proceedings of the 1995 ACM/IEEE conference on Supercomputing},
  pages={76--es},
  year={1995}
}

@article{erhel1995parallel,
  title={A parallel GMRES version for general sparse matrices},
  author={Erhel, Jocelyne},
  journal={Electronic Transactions on Numerical Analysis},
  volume={3},
  pages={160--176},
  year={1995}
}

@inproceedings{fu1996run,
  title={Run-time compilation for parallel sparse matrix computations},
  author={Fu, Cong and Yang, Tao},
  booktitle={Proceedings of the 10th international conference on Supercomputing},
  pages={237--244},
  year={1996}
}

@article{ujaldon1996parallelization,
  title={Parallelization techniques for sparse matrix applications},
  author={Ujaldon, Manuel and Zapata, Emilio L and Sharma, Shamik D and Saltz, Joel},
  journal={Journal of Parallel and Distributed Computing},
  volume={38},
  number={2},
  pages={256--266},
  year={1996},
  publisher={Elsevier}
}



@article{mckinley1996improving,
  title={Improving data locality with loop transformations},
  author={McKinley, Kathryn S and Carr, Steve and Tseng, Chau-Wen},
  journal={ACM Transactions on Programming Languages and Systems (TOPLAS)},
  volume={18},
  number={4},
  pages={424--453},
  year={1996},
  publisher={ACM New York, NY, USA}
}

@article{bik1996automatic,
  title={Automatic data structure selection and transformation for sparse matrix computations},
  author={Bik, Aart J. C. and Wijshoff, Harry A. G.},
  journal={IEEE Transactions on Parallel and Distributed Systems},
  volume={7},
  number={2},
  pages={109--126},
  year={1996},
  publisher={IEEE},
  url={https://ieeexplore-ieee-org.ezproxy1.library.arizona.edu/stamp/stamp.jsp?tp=&arnumber=485501}
}

@techreport{kotlyar1997compiling,
  title={Compiling parallel sparse code for user-defined data structures},
  author={Kotlyar, Vladimir and Pingali, Keshav and Stodghill, Paul},
  year={1997},
  institution={Cornell University},
  url={https://ecommons.cornell.edu/bitstream/handle/1813/7288/97-1633.pdf?sequence=1}
}

@inproceedings{kotlyar1997relational,
  title={A relational approach to the compilation of sparse matrix programs},
  author={Kotlyar, Vladimir and Pingali, Keshav and Stodghill, Paul},
  booktitle={Euro-Par'97 Parallel Processing: Third International Euro-Par Conference Passau, Germany, August 26--29, 1997 Proceedings 3},
  pages={318--327},
  year={1997},
  organization={Springer}
}
@inproceedings{irwin1997aspect,
  title={Aspect-oriented programming of sparse matrix code},
  author={Irwin, John and Loingtier, Jean-Marc and Gilbert, John R and Kiczales, Gregor and Lamping, John and Mendhekar, Anurag and Shpeisman, Tatiana},
  booktitle={Scientific Computing in Object-Oriented Parallel Environments: First International Conference, ISCOPE 97 Marina del Rey, California, USA December 8--11, 1997 Proceedings 1},
  pages={249--256},
  year={1997},
  organization={Springer}
}

@article{chang1997towards,
  title={Towards automatic support of parallel sparse computation in Java with continuous compilation},
  author={Chang, Rong-Guey and Chen, Cheng-Wei and Chuang, Tyng-Ruey and Lee, Jenq Kuen},
  journal={Concurrency: Practice and Experience},
  volume={9},
  number={11},
  pages={1101--1111},
  year={1997},
  publisher={Wiley Online Library},
  url={https://onlinelibrary.wiley.com/doi/pdf/10.1002/(SICI)1096-9128(199711)9:11%3C1101::AID-CPE343%3E3.0.CO;2-S}
}
@article{dagum1998openmp,
  title={OpenMP: an industry standard API for shared-memory programming},
  author={Dagum, Leonardo and Menon, Ramesh},
  journal={IEEE computational science and engineering},
  volume={5},
  number={1},
  pages={46--55},
  year={1998},
  publisher={IEEE}
}

@inproceedings{kandemir1998improving,
  title={Improving locality using loop and data transformations in an integrated framework},
  author={Kandemir, Mahmut and Choudhary, A and Ramanujam, J and Banerjee, Prithviraj},
  booktitle={Proceedings. 31st Annual ACM/IEEE International Symposium on Microarchitecture},
  pages={285--296},
  year={1998},
  organization={IEEE}
}


@article{kennedy1998automatic,
  title={Automatic data layout for distributed-memory machines},
  author={Kennedy, Ken and Kremer, Ulrich},
  journal={ACM Transactions on Programming Languages and Systems (TOPLAS)},
  volume={20},
  number={4},
  pages={869--916},
  year={1998},
  publisher={ACM New York, NY, USA},
  url={https://dl.acm.org/doi/pdf/10.1145/291891.291901}
}
@article{light1999computers,
  title={When computers were women},
  author={Light, Jennifer S},
  journal={Technology and culture},
  volume={40},
  number={3},
  pages={455--483},
  year={1999},
  publisher={JSTOR}
}

@article{bouaricha1999tensor,
  title={Tensor methods for large, sparse nonlinear least squares problems},
  author={Bouaricha, Ali and Schnabel, Robert B},
  journal={SIAM Journal on Scientific Computing},
  volume={21},
  number={4},
  pages={1199--1221},
  year={1999},
  publisher={SIAM}
}

@article{catalyurek1999hypergraph,
  title={Hypergraph-partitioning-based decomposition for parallel sparse-matrix vector multiplication},
  author={Catalyurek, Umit V and Aykanat, Cevdet},
  journal={IEEE Transactions on parallel and distributed systems},
  volume={10},
  number={7},
  pages={673--693},
  year={1999},
  publisher={IEEE}
}

@article{hackbusch1999sparse,
  title={A sparse matrix arithmetic based on-matrices. Part I: Introduction to-matrices},
  author={Hackbusch, Wolfgang},
  journal={Computing},
  volume={62},
  number={2},
  pages={89--108},
  year={1999},
  publisher={Springer}
}
@inproceedings{ashcraft1999spooles,
  title={SPOOLES: An Object-Oriented Sparse Matrix Library.},
  author={Ashcraft, Cleve and Grimes, Roger G},
  booktitle={PPSC},
  year={1999},
  organization={Citeseer}
}

@inproceedings{pugh1999sipr,
  title={SIPR: A new framework for generating efficient code for sparse matrix computations},
  author={Pugh, William and Shpeisman, Tatiana},
  booktitle={Languages and Compilers for Parallel Computing: 11th International Workshop, LCPC’98 Chapel Hill, NC, USA, August 7--9, 1998 Proceedings 11},
  pages={213--229},
  year={1999},
  organization={Springer},
  url={https://link.springer.com/content/pdf/10.1007/3-540-48319-5.pdf#page=224}
}

@inproceedings{kessler1999sparamat,
  title={The SPARAMAT approach to automatic comprehension of sparse matrix computations},
  author={Ke{\ss}ler, Christoph W and Smith, Craig H},
  booktitle={Proceedings Seventh International Workshop on Program Comprehension},
  pages={200--207},
  year={1999},
  organization={IEEE},
  url={https://ieeexplore.ieee.org/stamp/stamp.jsp?arnumber=777759}
}

@article{filippone2000psblas,
  title={PSBLAS: A library for parallel linear algebra computation on sparse matrices},
  author={Filippone, Salvatore and Colajanni, Michele},
  journal={ACM Transactions on Mathematical Software (TOMS)},
  volume={26},
  number={4},
  pages={527--550},
  year={2000},
  publisher={ACM New York, NY, USA}
}

@techreport{mateev2000bernoulli,
  title={The Bernoulli Generic Matrix Library},
  author={Mateev, Nikolay and Pingali, Keshav and Stodghill, Paul},
  year={2000},
  institution={Cornell University}
}
@techreport{ahmed2000compiling,
  title={Compiling imperfectly-nested sparse matrix codes with dependences},
  author={Ahmed, Nawaaz and Mateev, Nikolay and Pingali, Keshav and Stodghill, Paul},
  year={2000},
  institution={Cornell University}
}
@inproceedings{ahmed2000framework,
  title={A framework for sparse matrix code synthesis from high-level specifications},
  author={Ahmed, Nawaaz and Mateev, Nikolay and Pingali, Keshav and Stodghill, Paul},
  booktitle={SC'00: Proceedings of the 2000 ACM/IEEE Conference on Supercomputing},
  pages={58--58},
  year={2000},
  organization={IEEE},
  url={http://citeseerx.ist.psu.edu/viewdoc/download?doi=10.1.1.33.8827&rep=rep1&type=pdf}
}


@inproceedings{im2001optimizing,
  title={Optimizing sparse matrix computations for register reuse in SPARSITY},
  author={Im, Eun-Jin and Yelick, Katherine},
  booktitle={Computational Science—ICCS 2001: International Conference San Francisco, CA, USA, May 28--30, 2001 Proceedings, Part I 1},
  pages={127--136},
  year={2001},
  organization={Springer}
}

@inproceedings{hind2001pointer,
  title={Pointer analysis: Haven't we solved this problem yet?},
  author={Hind, Michael},
  booktitle={Proceedings of the 2001 ACM SIGPLAN-SIGSOFT workshop on Program analysis for software tools and engineering},
  pages={54--61},
  year={2001}
}

@inproceedings{elgindy2002sparse,
  title={On sparse matrix-vector multiplication with fpga-based system},
  author={ElGindy, Hossam and Shue, Yen-Liang},
  booktitle={Proceedings. 10th Annual IEEE Symposium on Field-Programmable Custom Computing Machines},
  pages={273--274},
  year={2002},
  organization={IEEE}
}

@article{lin2002efficient,
  title={Efficient representation scheme for multidimensional array operations},
  author={Lin, Chun-Yuan and Liu, Jen-Shiuh and Chung, Yeh-Ching},
  journal={IEEE Transactions on Computers},
  volume={51},
  number={3},
  pages={327--345},
  year={2002},
  publisher={IEEE}
}

@article{bolz2003sparse,
  title={Sparse matrix solvers on the GPU: conjugate gradients and multigrid},
  author={Bolz, Jeff and Farmer, Ian and Grinspun, Eitan and Schr{\"o}der, Peter},
  journal={ACM transactions on graphics (TOG)},
  volume={22},
  number={3},
  pages={917--924},
  year={2003},
  publisher={ACM New York, NY, USA}
}

@article{koenker2003sparsem,
  title={SparseM: A sparse matrix package for R},
  author={Koenker, Roger and Ng, Pin},
  journal={Journal of Statistical Software},
  volume={8},
  pages={1--9},
  year={2003}
}

@inproceedings{strout2003compile,
  title={Compile-time composition of run-time data and iteration reorderings},
  author={Strout, Michelle Mills and Carter, Larry and Ferrante, Jeanne},
  booktitle={Proceedings of the ACM SIGPLAN 2003 conference on Programming language design and implementation},
  pages={91--102},
  year={2003},
  url={https://dl.acm.org/doi/pdf/10.1145/781131.781142}
}

@inproceedings{chen2004ilp,
  title={An {ILP}-based approach to locality optimization},
  author={Chen, Guilin and Ozturk, Ozcan and Kandemir, Mahmut},
  booktitle={International Workshop on Languages and Compilers for Parallel Computing},
  pages={149--163},
  year={2004},
  organization={Springer}
}

@inproceedings{kawabata2004matlab,
  title={A MATLAB-based code generator for sparse matrix computations},
  author={Kawabata, Hideyuki and Suzuki, Mutsumi and Kitamura, Toshiaki},
  booktitle={Programming Languages and Systems: Second Asian Symposium, APLAS 2004, Taipei, Taiwan, November 4-6, 2004. Proceedings 2},
  pages={280--295},
  year={2004},
  organization={Springer}
}

@article{montagne2004optimal,
  title={An optimal storage format for sparse matrices},
  author={Montagne, Eur{\i}pides and Ekambaram, Anand},
  journal={Information Processing Letters},
  volume={90},
  number={2},
  pages={87--92},
  year={2004},
  publisher={Elsevier}
}

@article{im2004sparsity,
  title={Sparsity: Optimization framework for sparse matrix kernels},
  author={Im, Eun-Jin and Yelick, Katherine and Vuduc, Richard},
  journal={The International Journal of High Performance Computing Applications},
  volume={18},
  number={1},
  pages={135--158},
  year={2004},
  publisher={Sage Publications},
  url={https://journals.sagepub.com/doi/pdf/10.1177/1094342004041296?casa_token=sNNheMZgiJ8AAAAA:FwXio24CMy8peQWLFJmZ7-WlFqbQ0774EGHJKgABfi66l1M4SX9tkpLVa1LySiS6cGD2pXPhOjP8Xg}
}

@inproceedings{fan2004gpu,
  title={GPU cluster for high performance computing},
  author={Fan, Zhe and Qiu, Feng and Kaufman, Arie and Yoakum-Stover, Suzanne},
  booktitle={SC'04: Proceedings of the 2004 ACM/IEEE conference on Supercomputing},
  pages={47--47},
  year={2004},
  organization={IEEE}
}

@article{gundersen2004data,
  title={Data structures in Java for matrix computations},
  author={Gundersen, Geir and Steihaug, Trond},
  journal={Concurrency and computation: Practice and Experience},
  volume={16},
  number={8},
  pages={799--815},
  year={2004},
  publisher={Wiley Online Library},
  url={https://onlinelibrary.wiley.com/doi/pdf/10.1002/cpe.793}
}


@inproceedings{zhuo2005sparse,
  title={Sparse matrix-vector multiplication on FPGAs},
  author={Zhuo, Ling and Prasanna, Viktor K},
  booktitle={Proceedings of the 2005 ACM/SIGDA 13th international symposium on Field-programmable gate arrays},
  pages={63--74},
  year={2005},
  url={https://dl.acm.org/doi/pdf/10.1145/1046192.1046202?casa_token=u2X80iATqYAAAAAA:DGkeoLoQbfwsN0mdC8DWGh8PE2EwB4cqOe4XiHUVTxRQfhNcVKmXbBwSOiiT-rzr-5ekKHRjDBcFcQ}
}

@inproceedings{lujan2005storage,
  title={Storage Formats for Sparse Matrices in Java.},
  author={Lujan, Mikel and Usman, Anila and Hardie, Patrick and Freeman, TL and Gurd, John R},
  booktitle={International Conference on Computational Science (1)},
  pages={364--371},
  year={2005},
  url={https://link.springer.com/content/pdf/10.1007/11428831_45.pdf}
}

@inproceedings{chen2005integrating,
  title={Integrating loop and data optimizations for locality within a constraint network based framework},
  author={Chen, Guilin and Ozturk, Ozcan and Kandemir, Mahmut and Kolcu, Ibrahim},
  booktitle={ICCAD-2005. IEEE/ACM International Conference on Computer-Aided Design, 2005.},
  pages={279--282},
  year={2005},
  organization={IEEE}
}
@inproceedings{chen2005constraint,
  title={A constraint network based approach to memory layout optimization},
  author={Chen, Guilin and Kandemir, Mahmut and Karakoy, Mustafa},
  booktitle={Design, Automation and Test in Europe},
  pages={1156--1161},
  year={2005},
  organization={IEEE}
}
@inproceedings{vuduc2005oski,
  title={OSKI: A library of automatically tuned sparse matrix kernels},
  author={Vuduc, Richard and Demmel, James W and Yelick, Katherine A},
  booktitle={Journal of Physics: Conference Series},
  volume={16},
  pages={521},
  year={2005},
  organization={IOP Publishing},
  url={https://iopscience.iop.org/article/10.1088/1742-6596/16/1/071/pdf}
}
@inproceedings{shahnaz2005review,
  title={Review of storage techniques for sparse matrices},
  author={Shahnaz, Rukhsana and Usman, Anila and Chughtai, Imran R},
  booktitle={2005 Pakistan Section Multitopic Conference},
  pages={1--7},
  year={2005},
  organization={IEEE}
}

@manual{cuda2007v1.0,
  author       = {NVIDIA},
  title        = {NVIDIA CUDA Compute Unified Device Architecture Programming Guide},
  version={1.0},
  year={2007},
  month={June},
  day={23}
}

@inproceedings{williams2007optimization,
  title={Optimization of sparse matrix-vector multiplication on emerging multicore platforms},
  author={Williams, Samuel and Oliker, Leonid and Vuduc, Richard and Shalf, John and Yelick, Katherine and Demmel, James},
  booktitle={Proceedings of the 2007 ACM/IEEE Conference on Supercomputing},
  pages={1--12},
  year={2007}
}


@article{prasanna2007sparse,
  title={Sparse matrix computations on reconfigurable hardware},
  author={Prasanna, Viktor K and Morris, Gerald R},
  journal={Computer},
  volume={40},
  number={3},
  pages={58--64},
  year={2007},
  publisher={IEEE}
}
@inproceedings{gregg2007fpga,
  title={FPGA based sparse matrix vector multiplication using commodity dram memory},
  author={Gregg, David and Mc Sweeney, Colm and McElroy, Ciaran and Connor, Fergal and McGettrick, Seamas and Moloney, David and Geraghty, Dermot},
  booktitle={2007 International Conference on Field Programmable Logic and Applications},
  pages={786--791},
  year={2007},
  organization={IEEE}
}
@inproceedings{sun2007sparse,
  title={Sparse matrix-vector multiplication design on FPGAs},
  author={Sun, Junqing and Peterson, Gregory and Storaasli, Olaf},
  booktitle={15th Annual IEEE Symposium on Field-Programmable Custom Computing Machines (FCCM 2007)},
  pages={349--352},
  year={2007},
  organization={IEEE}
}




@article{diaconescu2007approach,
  title={An approach to data distributions in {Chapel}},
  author={Diaconescu, Roxana E and Zima, Hans P},
  journal={The International Journal of High Performance Computing Applications},
  volume={21},
  number={3},
  pages={313--335},
  year={2007},
  publisher={Sage Publications Sage UK: London, England}
}
@inproceedings{bondhugula2008pluto,
	Author = {Bondhugula, Uday and Hartono, A and Ramanujam, J and Sadayappan, P},
	Booktitle = {Proceedings of the ACM SIGPLAN 2008 Conference on Programming Language Design and Implementation (PLDI 08), Tucson, AZ (June 2008)},
	Organization = {Citeseer},
	Title = {Pluto: A practical and fully automatic polyhedral program optimization system},
	Year = {2008}
}
@techreport{bell2008efficient,
  title={Efficient sparse matrix-vector multiplication on CUDA},
  author={Bell, Nathan and Garland, Michael},
  year={2008},
  institution={Nvidia Technical Report NVR-2008-004, Nvidia Corporation}
}

@article{bader2008efficient,
  title={Efficient MATLAB computations with sparse and factored tensors},
  author={Bader, Brett W and Kolda, Tamara G},
  journal={SIAM Journal on Scientific Computing},
  volume={30},
  number={1},
  pages={205--231},
  year={2008},
  publisher={SIAM},
  url={https://epubs.siam.org/doi/pdf/10.1137/060676489?casa_token=FFRcnXxpYCYAAAAA:WeTkrPdXu5yv7t-Zqp61qJPTxgaqdFqG63cb-Atk7fKtWg_2G-5TkUyyePQTi0rA191qxyvfiNn5}
}

@inproceedings{kolda2008scalable,
  title={Scalable tensor decompositions for multi-aspect data mining},
  author={Kolda, Tamara G and Sun, Jimeng},
  booktitle={2008 Eighth IEEE international conference on data mining},
  pages={363--372},
  year={2008},
  organization={IEEE}
}

@inproceedings{kapre2009parallelizing,
  title={Parallelizing sparse matrix solve for SPICE circuit simulation using FPGAs},
  author={Kapre, Nachiket and DeHon, Andr{\'e}},
  booktitle={2009 International Conference on Field-Programmable Technology},
  pages={190--198},
  year={2009},
  organization={IEEE}
}

@techreport{baskaran2009optimizing,
  title={Optimizing sparse matrix-vector multiplication on GPUs},
  author={Baskaran, Muthu Manikandan and Bordawekar, Rajesh},
  journal={IBM research report RC24704},
  volume={W0812--047},
  year={2009},
  institution={IBM}
}


@inproceedings{bell2009implementing,
author = {Bell, Nathan and Garland, Michael}, title = {Implementing Sparse Matrix-Vector Multiplication on Throughput-Oriented Processors}, year = {2009}, isbn = {9781605587448}, publisher = {Association for Computing Machinery}, address = {New York, NY, USA}, url = {https://doi.org/10.1145/1654059.1654078}, doi = {10.1145/1654059.1654078}, abstract = {Sparse matrix-vector multiplication (SpMV) is of singular importance in sparse linear algebra. In contrast to the uniform regularity of dense linear algebra, sparse operations encounter a broad spectrum of matrices ranging from the regular to the highly irregular. Harnessing the tremendous potential of throughput-oriented processors for sparse operations requires that we expose substantial fine-grained parallelism and impose sufficient regularity on execution paths and memory access patterns. We explore SpMV methods that are well-suited to throughput-oriented architectures like the GPU and which exploit several common sparsity classes. The techniques we propose are efficient, successfully utilizing large percentages of peak bandwidth. Furthermore, they deliver excellent total throughput, averaging 16 GFLOP/s and 10 GFLOP/s in double precision for structured grid and unstructured mesh matrices, respectively, on a GeForce GTX 285. This is roughly 2.8 times the throughput previously achieved on Cell BE and more than 10 times that of a quad-core Intel Clovertown system.}, booktitle = {Proceedings of the Conference on High Performance Computing Networking, Storage and Analysis}, articleno = {18}, numpages = {11}, location = {Portland, Oregon}, series = {SC '09} }

@inproceedings{lu2009data,
  title={Data layout transformation for enhancing data locality on {NUCA} chip multiprocessors},
  author={Lu, Qingda and Alias, Christophe and Bondhugula, Uday and Henretty, Thomas and Krishnamoorthy, Sriram and Ramanujam, Jagannathan and Rountev, Atanas and Sadayappan, Ponnuswamy and Chen, Yongjian and Lin, Haibo and Ngai, Tin-Fook},
  booktitle={2009 18th International Conference on Parallel Architectures and Compilation Techniques},
  pages={348--357},
  year={2009},
  organization={IEEE},
  url={https://web.cse.ohio-state.edu/~rountev.1/presto/pubs/pact09.pdf}
}

@article{choi2010model,
  title={Model-driven autotuning of sparse matrix-vector multiply on GPUs},
  author={Choi, Jee W and Singh, Amik and Vuduc, Richard W},
  journal={ACM sigplan notices},
  volume={45},
  number={5},
  pages={115--126},
  year={2010},
  publisher={ACM New York, NY, USA}
}

@inproceedings{monakov2010automatically,
  title={Automatically tuning sparse matrix-vector multiplication for GPU architectures},
  author={Monakov, Alexander and Lokhmotov, Anton and Avetisyan, Arutyun},
  booktitle={High Performance Embedded Architectures and Compilers: 5th International Conference, HiPEAC 2010, Pisa, Italy, January 25-27, 2010. Proceedings 5},
  pages={111--125},
  year={2010},
  organization={Springer}
}
@inproceedings{sung2010data,
  title={Data layout transformation exploiting memory-level parallelism in structured grid many-core applications},
  author={Sung, I-Jui and Stratton, John A and Hwu, Wen-Mei W},
  booktitle={2010 19th International Conference on Parallel Architectures and Compilation Techniques (PACT)},
  pages={513--522},
  year={2010},
  organization={IEEE},
  url={http://impact.crhc.illinois.edu/shared/papers/p513-sung.pdf}
}

@article{normand2010first,
  title={First record of single-event upset on ground, cray-1 computer at Los Alamos in 1976},
  author={Normand, Eugene and Wert, Jerry L and Quinn, Heather and Fairbanks, Thomas D and Michalak, Sarah and Grider, Gary and Iwanchuk, Paul and Morrison, John and Wender, Stephen and Johnson, Steve},
  journal={IEEE Transactions on Nuclear Science},
  volume={57},
  number={6},
  pages={3114--3120},
  year={2010},
  publisher={IEEE}
}

@inproceedings{verdoolaege2010isl,
  title={isl: An integer set library for the polyhedral model},
  author={Verdoolaege, Sven},
  booktitle={International Congress on Mathematical Software},
  pages={299--302},
  year={2010},
  organization={Springer}
}

@article{davis2011university,
  title={The University of Florida sparse matrix collection},
  author={Davis, Timothy A and Hu, Yifan},
  journal={ACM Transactions on Mathematical Software (TOMS)},
  volume={38},
  number={1},
  pages={1--25},
  year={2011},
  publisher={ACM New York, NY, USA},
  url={https://dl.acm.org/doi/pdf/10.1145/2049662.2049663}
}

@article{ozturk2011data,
  title={Data locality and parallelism optimization using a constraint-based approach},
  author={Ozturk, Ozcan},
  journal={Journal of Parallel and Distributed Computing},
  volume={71},
  number={2},
  pages={280--287},
  year={2011},
  publisher={Elsevier},
  url={http://repository.bilkent.edu.tr/bitstream/handle/11693/22029/bilkent-research-paper.pdf?sequence=1}
}
@inproceedings{henretty2011data,
  title={Data layout transformation for stencil computations on short-vector {SIMD} architectures},
  author={Henretty, Tom and Stock, Kevin and Pouchet, Louis-No{\"e}l and Franchetti, Franz and Ramanujam, J and Sadayappan, P},
  booktitle={International Conference on Compiler Construction},
  pages={225--245},
  year={2011},
  organization={Springer},
  url={https://link.springer.com/content/pdf/10.1007/978-3-642-19861-8_13.pdf}
}

@inproceedings{zhang2011optimizing,
  title={Optimizing data layouts for parallel computation on multicores},
  author={Zhang, Yuanrui and Ding, Wei and Liu, Jun and Kandemir, Mahmut},
  booktitle={2011 International Conference on Parallel Architectures and Compilation Techniques},
  pages={143--154},
  year={2011},
  organization={IEEE},
  url={https://ieeexplore.ieee.org/abstract/document/6113796}
}

@inproceedings{bandishti2012tiling,
  title={Tiling stencil computations to maximize parallelism},
  author={Bandishti, Vinayaka and Pananilath, Irshad and Bondhugula, Uday},
  booktitle={SC'12: Proceedings of the International Conference on High Performance Computing, Networking, Storage and Analysis},
  pages={1--11},
  year={2012},
  organization={IEEE}
}

@inproceedings{jaeger2012automatic,
  title={Automatic efficient data layout for multithreaded stencil codes on {CPUs} and {GPUs}},
  author={Jaeger, Julien and Barthou, Denis},
  booktitle={2012 19th International Conference on High Performance Computing},
  pages={1--10},
  year={2012},
  organization={IEEE},
  url={https://ieeexplore-ieee-org.ezproxy1.library.arizona.edu/stamp/stamp.jsp?tp=&arnumber=6507504}
}
@inproceedings{kestur2012towards,
  title={Towards a universal FPGA matrix-vector multiplication architecture},
  author={Kestur, Srinidhi and Davis, John D and Chung, Eric S},
  booktitle={2012 IEEE 20th International Symposium on Field-Programmable Custom Computing Machines},
  pages={9--16},
  year={2012},
  organization={IEEE}
}

@article{pouchet2012polybench,
  title={Polybench/C: The polyhedral benchmark suite},
  author={Pouchet, Louis-No{\"e}l},
  journal={URL: https://web.cse.ohio-state.edu/~pouchet.2/software/polybench/},
  volume={437},
  year={2012}
}

@inproceedings{krieger2013loop,
	Author = {Christopher D. Krieger and Michelle Mills Strout and Catherine Olschanowsky and Andrew Stone and Stephen Guzik and Xinfeng Gao and Carlo Bertolli and Paul H.J. Kelly and Gihan Mudalige and Brian Van Straalen and Sam Williams},
	Booktitle = {Proceedings of the 18th International Workshop on High-Level Parallel Programming Models and Supportive Environments (HIPS)},
	Month = {May},
	Title = {Loop Chaining: A Programming Abstraction For Balancing Locality and Parallelism},
	Year = {2013}}

@inproceedings{ragan-kelley2013halide,
	Address = {New York, NY, USA},
	Author = {Ragan-Kelley, Jonathan and Barnes, Connelly and Adams, Andrew and Paris, Sylvain and Durand, Fr{\'e}do and Amarasinghe, Saman},
	Booktitle = {Proceedings of the 34th ACM SIGPLAN conference on Programming language design and implementation},
	Pages = {519--530},
	Publisher = {ACM},
	Series = {PLDI '13},
	Title = {Halide: a language and compiler for optimizing parallelism, locality, and recomputation in image processing pipelines},
	Year = {2013}}

@inproceedings{majeti2013compiler,
  title={Compiler-driven data layout transformation for heterogeneous platforms},
  author={Majeti, Deepak and Barik, Rajkishore and Zhao, Jisheng and Grossman, Max and Sarkar, Vivek},
  booktitle={European Conference on Parallel Processing},
  pages={188--197},
  year={2013},
  organization={Springer},
  url={https://link.springer.com/content/pdf/10.1007/978-3-642-54420-0_19.pdf}
}

  @techreport{hornung2014RAJA,
	Author = {Hornung, Richard D. and Keasler, Jeffrey A.},
	Institution = {Lawrence Livermore National Laboratory},
	Month = {September},
	Number = {Tech. Rep. LLNL-TR-661403},
	Title = {The {RAJA} Portability Layer: Overview and Status},
	Year = {2014}}


@article{edwards2014kokkos,
  title={Kokkos: Enabling manycore performance portability through polymorphic memory access patterns},
  author={Edwards, H Carter and Trott, Christian R and Sunderland, Daniel},
  journal={Journal of parallel and distributed computing},
  volume={74},
  number={12},
  pages={3202--3216},
  year={2014},
  publisher={Elsevier}
}

@article{sujeeth2014delite,
	author = {Sujeeth, Arvind K. and Brown, Kevin J. and Lee, Hyoukjoong and Rompf, Tiark and Chafi, Hassan and Odersky, Martin and Olukotun, Kunle},
	journal = {ACM Trans. Embed. Comput. Syst.},
	month = apr,
	number = {4s},
	pages = {134:1--134:25},
	title = {Delite: A Compiler Architecture for Performance-Oriented Embedded Domain-Specific Languages},
	volume = {13},
	year = {2014}}

@inproceedings{xu2014semi,
  title={Semi-automatic composition of data layout transformations for loop vectorization},
  author={Xu, Shixiong and Gregg, David},
  booktitle={IFIP International Conference on Network and Parallel Computing},
  pages={485--496},
  year={2014},
  organization={Springer}
}
@inproceedings{weber2014auto,
  title={Auto-Tuning Complex Array Layouts for {GPUs}},
  author={Weber, Nicolas and Goesele, Michael},
  booktitle={EGPGV@ EuroVis},
  pages={57--64},
  year={2014},
  url={http://download.hrz.tu-darmstadt.de/media/FB20/GCC/paper/Weber_2014_EGPGV.pdf}
}

@inproceedings{fowers2014high,
  title={A high memory bandwidth fpga accelerator for sparse matrix-vector multiplication},
  author={Fowers, Jeremy and Ovtcharov, Kalin and Strauss, Karin and Chung, Eric S and Stitt, Greg},
  booktitle={2014 IEEE 22nd Annual International Symposium on Field-Programmable Custom Computing Machines},
  pages={36--43},
  year={2014},
  organization={IEEE}
}

@inproceedings{kofler2015automatic,
  title={Automatic data layout optimizations for {GPUs}},
  author={Kofler, Klaus and Cosenza, Biagio and Fahringer, Thomas},
  booktitle={European Conference on Parallel Processing},
  pages={263--274},
  year={2015},
  organization={Springer},
  url={http://www.insieme-compiler.org/pub/2015_europar_automatic_data_layout_gpus.pdf}
}



@inproceedings{bertolacci2015parameterized,
  title={Parameterized diamond tiling for stencil computations with {Chapel} parallel iterators},
  author={Bertolacci, Ian J and Olschanowsky, Catherine and Harshbarger, Ben and Chamberlain, Bradford L and Wonnacott, David G and Strout, Michelle Mills},
  booktitle={Proceedings of the 29th ACM on International Conference on Supercomputing},
  pages={197--206},
  year={2015},
  url={https://dl.acm.org/doi/pdf/10.1145/2751205.2751226}
}

@article{strout2016approach,
  title={An approach for code generation in the sparse polyhedral framework},
  author={Strout, Michelle Mills and LaMielle, Alan and Carter, Larry and Ferrante, Jeanne and Kreaseck, Barbara and Olschanowsky, Catherine},
  journal={Parallel Computing},
  volume={53},
  pages={32--57},
  year={2016},
  publisher={Elsevier},
  url={https://www.sciencedirect.com/science/article/am/pii/S0167819116000557}
}

@article{bondhugula2016diamond,
  title={Diamond tiling: Tiling techniques to maximize parallelism for stencil computations},
  author={Bondhugula, Uday and Bandishti, Vinayaka and Pananilath, Irshad},
  journal={IEEE Transactions on Parallel and Distributed Systems},
  volume={28},
  number={5},
  pages={1285--1298},
  year={2016},
  publisher={IEEE}
}

@inproceedings{mullapudi2015polymage,
Address = {New York, NY, USA},
Author = {Mullapudi, Ravi Teja and Vasista, Vinay and Bondhugula, Uday},
Booktitle = {Proceedings of the Twentieth International Conference on Architectural Support for Programming Languages and Operating Systems},
Pages = {429--443},
Publisher = {ACM},
Series = {ASPLOS '15},
Title = {PolyMage: Automatic Optimization for Image Processing Pipelines},
Year = {2015}}


@inproceedings{unat2016tida,
  title={Tida: High-level programming abstractions for data locality management},
  author={Unat, Didem and Nguyen, Tan and Zhang, Weiqun and Farooqi, Muhammed Nufail and Bastem, Burak and Michelogiannakis, George and Almgren, Ann and Shalf, John},
  booktitle={International Conference on High Performance Computing},
  pages={116--135},
  year={2016},
  organization={Springer}
}

@inproceedings{ahmad2017optimizing,
  title={Optimizing LOBPCG: Sparse matrix loop and data transformations in action},
  author={Ahmad, Khalid and Venkat, Anand and Hall, Mary},
  booktitle={Languages and Compilers for Parallel Computing: 29th International Workshop, LCPC 2016, Rochester, NY, USA, September 28-30, 2016, Revised Papers 29},
  pages={218--232},
  year={2017},
  organization={Springer}
}

@article{unat2017trends,
  title={Trends in data locality abstractions for HPC systems},
  author={Unat, Didem and Dubey, Anshu and Hoefler, Torsten and Shalf, John and Abraham, Mark and Bianco, Mauro and Chamberlain, Bradford L and Cledat, Romain and Edwards, H Carter and Finkel, Hal and Fuerlinger, Karl and Hannig, Frank and Jeannot, Emmanuel and Kamil, Amir and Keasler, Jeff and Kelly, Paul H J and Leung, Vitus and Ltaief, Hatem and Maruyama, Naoya and Newburn, Chris J. and Peric\'{a}s, Miquel},
  journal={IEEE Transactions on Parallel and Distributed Systems},
  volume={28},
  number={10},
  pages={3007--3020},
  year={2017},
  publisher={IEEE}
}
@techreport{hornung2017raja,
  title={{RAJA} performance suite},
  author={Hornung, Richard D and Hones, Holger E and USDOE National Nuclear Security Administration},
  year={2017},
  institution={Lawrence Livermore National Lab.(LLNL), Livermore, CA (United States)}
}

@article{kronawitter2018automatic,
  title={Automatic data layout transformations in the {ExaStencils} code generator},
  author={Kronawitter, Stefan and Kuckuk, Sebastian and K{\"o}stler, Harald and Lengauer, Christian},
  journal={Modern Physics Letters A},
  volume={28},
  number={03},
  pages={1850009},
  year={2018},
  publisher={World Scientific}
}
@inproceedings{kruse2018user,
  title={User-Directed Loop-Transformations in {Clang}},
  author={Kruse, Michael and Finkel, Hal},
  booktitle={2018 IEEE/ACM 5th Workshop on the LLVM Compiler Infrastructure in HPC (LLVM-HPC)},
  pages={49--58},
  year={2018},
  organization={IEEE}
}

@article{luporini2018design,
Author = {Fabio Luporini and Michael Lange and Mathias Louboutin and Navjot Kukreja and Jan H{\"{u}}ckelheim and Charles Yount and Philipp A. Witte and Paul H. J. Kelly and Gerard J. Gorman and Felix J. Herrmann},
Journal = {CoRR},
Title = {Architecture and performance of Devito, a system for automated stencil computation},
Volume = {abs/1807.03032},
Year = {2018}}

@inproceedings{zinenko2018modeling,
  title={Modeling the conflicting demands of parallelism and temporal/spatial locality in affine scheduling},
  author={Zinenko, Oleksandr and Verdoolaege, Sven and Reddy, Chandan and Shirako, Jun and Grosser, Tobias and Sarkar, Vivek and Cohen, Albert},
  booktitle={Proceedings of the 27th International Conference on Compiler Construction},
  pages={3--13},
  year={2018},
  url={https://hal.inria.fr/hal-01751823/document}
}
@inproceedings{kruse2019design,
  title={Design and use of loop-transformation pragmas},
  author={Kruse, Michael and Finkel, Hal},
  booktitle={International Workshop on OpenMP},
  pages={125--139},
  year={2019},
  organization={Springer}
}
@inproceedings{neth2021inter,
  title={Inter-loop optimization in {RAJA} using loop chains},
  author={Neth, Brandon and Scogland, Thomas RW and de Supinski, Bronis R and Strout, Michelle Mills},
  booktitle={Proceedings of the ACM International Conference on Supercomputing},
  pages={1--12},
  year={2021}
}


@inproceedings{Hagedorn2018,
	Address = {New York, NY, USA},
	Author = {Hagedorn, Bastian and Stoltzfus, Larisa and Steuwer, Michel and Gorlatch, Sergei and Dubach, Christophe},
	Booktitle = {Proceedings of the 2018 International Symposium on Code Generation and Optimization},
	Pages = {100--112},
	Publisher = {Association for Computing Machinery},
	Series = {CGO 2018},
	Title = {High Performance Stencil Code Generation with Lift},
	Year = {2018}}

  @article{Bondhugula2016,
	Author = {Bondhugula, Uday and Acharya, Aravind and Cohen, Albert},
	Journal = {ACM Trans. Program. Lang. Syst.},
	Month = apr,
	Number = {3},
	Title = {The Pluto+ Algorithm: A Practical Approach for Parallelization and Locality Optimization of Affine Loop Nests},
	Volume = {38},
	Year = {2016}}

  @inproceedings{Tang2011,
Address = {New York, NY, USA},
Author = {Tang, Yuan and Chowdhury, Rezaul Alam and Kuszmaul, Bradley C. and Luk, Chi-Keung and Leiserson, Charles E.},
Booktitle = {Proceedings of the 23rd ACM Symposium on Parallelism in Algorithms and Architectures},
Pages = {117--128},
Publisher = {ACM},
Series = {SPAA '11},
Title = {The pochoir stencil compiler},
Year = {2011}}


@techreport{richards2018fy18,
  title={Fy18 proxy app suite release. milestone report for the ecp proxy app project},
  author={Richards, David F and Aaziz, Omar and Cook, Jeanine and Finkel, Hal and Homerding, Brian and McCorquodale, Peter and Mintz, Tiffany and Moore, Shirley and Bhatele, Abhinacv and Pavel, Robert},
  year={2018},
  institution={Lawrence Livermore National Lab.(LLNL), Livermore, CA (United States)}
}

  @inproceedings{baghdadi2019tiramisu,
	Author = {Baghdadi, Riyadh and Ray, Jessica and Romdhane, Malek Ben and Del Sozzo, Emanuele and Akkas, Abdurrahman and Zhang, Yunming and Suriana, Patricia and Kamil, Shoaib and Amarasinghe, Saman},
	Booktitle = {2019 IEEE/ACM International Symposium on Code Generation and Optimization (CGO)},
	Organization = {IEEE},
	Pages = {193--205},
	Title = {Tiramisu: A polyhedral compiler for expressing fast and portable code},
	Year = {2019}}

  @article{zhao2022polyhedral,
  title={Polyhedral Specification and Code Generation of Sparse Tensor Contraction with Co-Iteration},
  author={Zhao, Tuowen and Popoola, Tobi and Hall, Mary and Olschanowsky, Catherine and Strout, Michelle},
  journal={ACM Transactions on Architecture and Code Optimization},
  volume={20},
  number={1},
  pages={1--26},
  year={2022},
  publisher={ACM New York, NY},
  url={https://dl.acm.org/doi/pdf/10.1145/3566054}
}

@inproceedings{jain2020domain,
  title={A domain-specific architecture for accelerating sparse matrix vector multiplication on fpgas},
  author={Jain, Abhishek Kumar and Omidian, Hossein and Fraisse, Henri and Benipal, Mansimran and Liu, Lisa and Gaitonde, Dinesh},
  booktitle={2020 30th International conference on field-programmable logic and applications (FPL)},
  pages={127--132},
  year={2020},
  organization={IEEE}
}

@article{bik2022compiler,
  title={Compiler support for sparse tensor computations in MLIR},
  author={Bik, Aart and Koanantakool, Penporn and Shpeisman, Tatiana and Vasilache, Nicolas and Zheng, Bixia and Kjolstad, Fredrik},
  journal={ACM Transactions on Architecture and Code Optimization (TACO)},
  volume={19},
  number={4},
  pages={1--25},
  year={2022},
  publisher={ACM New York, NY}
}


@inproceedings{popoola2023code,
  title={Code Synthesis for Sparse Tensor Format Conversion and Optimization},
  author={Popoola, Tobi and Zhao, Tuowen and George, Aaron St and Bhetwal, Kalyan and Strout, Michelle Mills and Hall, Mary and Olschanowsky, Catherine},
  booktitle={International Symposium on Code Generation and Optimization},
  year={2023}
}